<?xml version='1.0'?>
<collection xmlns='http://www.loc.gov/MARC21/slim' xmlns:xsi='http://www.w3.org/2001/XMLSchema-instance' xsi:schemaLocation='http://www.loc.gov/MARC21/slim http://www.loc.gov/standards/marcxml/schema/MARC21slim.xsd'>
<record><leader>     nas a22003011  4500</leader><controlfield tag='005'>20011031000000.0</controlfield><controlfield tag='008'>880715c19361946dcuar m      f0uuua1eng  </controlfield><controlfield tag='001'>990000777780106381</controlfield><datafield ind1=' ' ind2=' ' tag='035'><subfield code='a'>(MiU)000077778MIU01</subfield></datafield><datafield ind1=' ' ind2=' ' tag='010'><subfield code='a'>37026957//r48</subfield></datafield><datafield ind1=' ' ind2=' ' tag='035'><subfield code='a'>(RLIN)MIUG84-S3206</subfield></datafield><datafield ind1=' ' ind2=' ' tag='035'><subfield code='a'>(CaOTULAS)159961033</subfield></datafield><datafield ind1=' ' ind2=' ' tag='035'><subfield code='a'>(OCoLC)187709850</subfield><subfield code='0'>(uri) http://www.worldcat.org/oclc/187709850</subfield></datafield><datafield ind1=' ' ind2=' ' tag='040'><subfield code='c'>NR</subfield><subfield code='d'>NR</subfield><subfield code='d'>InU</subfield><subfield code='d'>MiU</subfield></datafield><datafield ind1='0' ind2=' ' tag='050'><subfield code='a'>J662</subfield><subfield code='b'>.N62</subfield></datafield><datafield ind1=' ' ind2=' ' tag='082'><subfield code='a'>354.914</subfield></datafield><datafield ind1='1' ind2=' ' tag='110'><subfield code='a'>United States.</subfield><subfield code='b'>High Commissioner to the Philippine Islands.</subfield><subfield code='0'>(uri) http://id.loc.gov/authorities/names/n90650353</subfield><subfield code='0'>(uri) http://viaf.org/viaf/sourceID/LC|n90650353</subfield></datafield><datafield ind1='1' ind2='0' tag='245'><subfield code='a'>Message from the President of the United States transmitting the report of the United States High Commissioner to the Philippine Islands.</subfield></datafield><datafield ind1='0' ind2='0' tag='247'><subfield code='a'>Message from the President of the United States transmitting the first report</subfield><subfield code='f'>1935/36</subfield></datafield><datafield ind1=' ' ind2=' ' tag='260'><subfield code='a'>Washington,</subfield><subfield code='b'>U.S. Govt. print. off.,</subfield><subfield code='c'>1937-1946.</subfield></datafield><datafield ind1=' ' ind2=' ' tag='300'><subfield code='a'>7 v.</subfield><subfield code='b'>fold. diagrs.</subfield><subfield code='c'>24 cm.</subfield></datafield><datafield ind1='0' ind2=' ' tag='362'><subfield code='a'>1st-7th; 1935/36-1945/46.</subfield></datafield><datafield ind1=' ' ind2=' ' tag='500'><subfield code='a'>1945/46 issued as House Document no. 389, 80th Congress, 1st session.</subfield></datafield><datafield ind1=' ' ind2=' ' tag='515'><subfield code='a'>First report covers period from November 15, 1935 to December 31, 1936. Report year irregular.</subfield></datafield><datafield ind1=' ' ind2=' ' tag='515'><subfield code='a'>Reports suspended during the war; the 1945/46 report includes a brief review of events for the period from July 1, 1942 to Sept. 14, 1945.</subfield></datafield><datafield ind1=' ' ind2='0' tag='651'><subfield code='a'>Philippines</subfield><subfield code='x'>Politics and government</subfield><subfield code='y'>1935-1946</subfield><subfield code='0'>(uri) http://id.loc.gov/authorities/subjects/sh85100799</subfield></datafield><datafield ind1=' ' ind2='0' tag='830'><subfield code='a'>House document (United States. Congress. House)</subfield><subfield code='v'>80th congress,no. 389.</subfield><subfield code='0'>(uri) http://id.loc.gov/authorities/names/n42012889</subfield><subfield code='0'>(uri) http://viaf.org/viaf/sourceID/LC|n42012889</subfield></datafield><datafield ind1=' ' ind2=' ' tag='998'><subfield code='c'>BG</subfield><subfield code='s'>9121</subfield></datafield><datafield ind1=' ' ind2=' ' tag='958'><subfield code='a'>MiU</subfield></datafield><datafield ind1=' ' ind2=' ' tag='959'><subfield code='a'>(notis)ULAAJ0517</subfield></datafield><datafield ind1=' ' ind2=' ' tag='995'><subfield code='a'>20</subfield></datafield><datafield ind1=' ' ind2=' ' tag='BIB'><subfield code='u'>2021-08-17 11:41:04 US/Eastern</subfield><subfield code='c'>2021-06-21 16:54:15 US/Eastern</subfield><subfield code='s'>false</subfield></datafield><datafield ind1='0' ind2=' ' tag='852'><subfield code='b'>SPEC</subfield><subfield code='a'>MiU</subfield><subfield code='c'>WOR</subfield><subfield code='h'>J 662 .N62</subfield><subfield code='z'>1945/46 issued as House Document no. 389, 80th Congress, 1st session. (11144)</subfield><subfield code='8'>22950427950006381</subfield></datafield><datafield ind1='3' ind2='2' tag='866'><subfield code='a'>1-7</subfield><subfield code='8'>22950427950006381</subfield></datafield><datafield ind1='3' ind2='2' tag='866'><subfield code='a'>1935/1936-1945/1946</subfield><subfield code='8'>22950427950006381</subfield></datafield><datafield ind1=' ' ind2=' ' tag='974'><subfield code='8'>22950427950006381</subfield><subfield code='f'>1</subfield><subfield code='c'>WOR</subfield><subfield code='m'>ISSUE</subfield><subfield code='w'>Worcester</subfield><subfield code='a'>39015040115886</subfield><subfield code='e'>WOR</subfield><subfield code='7'>23950427940006381</subfield><subfield code='z'>1935-1946</subfield><subfield code='p'>08</subfield><subfield code='r'>2001-05-09 10:59:00</subfield><subfield code='h'>J 662 .N62</subfield><subfield code='d'>SPEC</subfield><subfield code='b'>SPEC</subfield></datafield></record>