
<record><leader>     nam a22002411a 4500</leader><controlfield tag='005'>20020430000000.0</controlfield><controlfield tag='008'>900205s1977    th acf   b    01000 thaod</controlfield><controlfield tag='001'>990018248910106381</controlfield><datafield ind1=' ' ind2=' ' tag='035'><subfield code='a'>(MiU)001824891MIU01</subfield></datafield><datafield ind1=' ' ind2=' ' tag='035'><subfield code='a'>(RLIN)MIUG90-B3598</subfield></datafield><datafield ind1=' ' ind2=' ' tag='035'><subfield code='a'>(OCoLC)ocm68168889</subfield><subfield code='0'>(uri) http://www.worldcat.org/oclc/68168889</subfield></datafield><datafield ind1=' ' ind2=' ' tag='040'><subfield code='a'>MiU</subfield><subfield code='c'>MiU</subfield></datafield><datafield ind1='0' ind2='0' tag='245'><subfield code='a'>Thīralưk nai kānchāpanakit sop Nāi Phānthō̜ng Thō̜ngčhư̄a :</subfield><subfield code='b'>na mēn Wat Thātthō̜ng, wan thī 7 Phrưtsačhikāyon Phō̜.Sō̜. 2520.</subfield></datafield><datafield ind1=' ' ind2=' ' tag='260'><subfield code='a'>Krung Thēp Mahā Nakhō̜n :</subfield><subfield code='b'>samāchik sakun &quot;Thō̜ngčhư̄a&quot;,</subfield><subfield code='c'>2520 [1977]</subfield></datafield><datafield ind1=' ' ind2=' ' tag='300'><subfield code='a'>68 p., [4] leaves of plates :</subfield><subfield code='b'>ill., ports. ;</subfield><subfield code='c'>27 cm.</subfield></datafield><datafield ind1=' ' ind2=' ' tag='500'><subfield code='a'>In Thai.</subfield></datafield><datafield ind1=' ' ind2=' ' tag='504'><subfield code='a'>Bibliography: p. [61].</subfield></datafield><datafield ind1=' ' ind2=' ' tag='500'><subfield code='a'>With biography and portrait of crematee.</subfield></datafield><datafield ind1='0' ind2='0' tag='600'><subfield code='a'>Prajadhipok,</subfield><subfield code='c'>King of Siam,</subfield><subfield code='d'>1893-1941.</subfield><subfield code='0'>(uri) http://id.loc.gov/authorities/names/n85014728</subfield><subfield code='0'>(uri) http://viaf.org/viaf/sourceID/LC|n85014728</subfield></datafield><datafield ind1=' ' ind2='0' tag='651'><subfield code='a'>Thailand</subfield><subfield code='x'>Kings and rulers</subfield><subfield code='x'>Biography.</subfield><subfield code='0'>(uri) http://id.loc.gov/authorities/names/n79059683</subfield><subfield code='0'>(uri) http://viaf.org/viaf/sourceID/LC|n79059683</subfield></datafield><datafield ind1='0' ind2='0' tag='600'><subfield code='a'>Phānthō̜ng Thō̜ngčhư̄a,</subfield><subfield code='d'>1920-1977.</subfield></datafield><datafield ind1='0' ind2=' ' tag='700'><subfield code='a'>Phānthō̜ng Thō̜ngčhư̄a,</subfield><subfield code='d'>1920-1977.</subfield></datafield><datafield ind1=' ' ind2=' ' tag='998'><subfield code='c'>FSG</subfield><subfield code='s'>9114</subfield></datafield><datafield ind1=' ' ind2=' ' tag='958'><subfield code='a'>MiU</subfield></datafield><datafield ind1=' ' ind2=' ' tag='959'><subfield code='a'>(notis)ULAHV1930</subfield></datafield><datafield ind1=' ' ind2=' ' tag='995'><subfield code='a'>20</subfield></datafield><datafield ind1=' ' ind2=' ' tag='BIB'><subfield code='u'>2021-10-22 04:27:12 US/Eastern</subfield><subfield code='c'>2021-06-21 16:54:15 US/Eastern</subfield><subfield code='s'>false</subfield></datafield><datafield ind1='0' ind2=' ' tag='852'><subfield code='b'>BUHR</subfield><subfield code='a'>MiU</subfield><subfield code='c'>MAIN</subfield><subfield code='h'>DS 584 .T42 1977</subfield><subfield code='8'>22950427460006381</subfield></datafield><datafield ind1=' ' ind2=' ' tag='974'><subfield code='8'>22950427460006381</subfield><subfield code='f'>1</subfield><subfield code='c'>MAIN</subfield><subfield code='m'>BOOK</subfield><subfield code='a'>39015027061244</subfield><subfield code='i'>Buhr B 849622</subfield><subfield code='e'>MAIN</subfield><subfield code='u'>mdp.39015027061244 ic 20200116</subfield><subfield code='7'>23950427450006381</subfield><subfield code='p'>01</subfield><subfield code='r'>1993-08-16 10:59:00</subfield><subfield code='h'>DS 584 .T42 1977</subfield><subfield code='d'>BUHR</subfield><subfield code='b'>BUHR</subfield></datafield></record>