
<record><leader>     nem a22002891a 4500</leader><controlfield tag='005'>19931027000000.0</controlfield><controlfield tag='008'>890531s1982    dcu       a  f      eng d</controlfield><controlfield tag='001'>990000777750106381</controlfield><datafield ind1=' ' ind2=' ' tag='035'><subfield code='a'>(MiU)000077775MIU01</subfield></datafield><datafield ind1='1' ind2=' ' tag='034'><subfield code='a'>a</subfield><subfield code='b'>35000000</subfield><subfield code='d'>E0200000</subfield><subfield code='e'>E18000000</subfield><subfield code='f'>N0800000</subfield><subfield code='g'>N0350000</subfield></datafield><datafield ind1=' ' ind2=' ' tag='035'><subfield code='a'>(RLIN)MIUG84-M213</subfield></datafield><datafield ind1=' ' ind2=' ' tag='035'><subfield code='a'>(CaOTULAS)159961030</subfield></datafield><datafield ind1=' ' ind2=' ' tag='035'><subfield code='a'>(OCoLC)ocm09165134</subfield><subfield code='0'>(uri) http://www.worldcat.org/oclc/09165134</subfield></datafield><datafield ind1=' ' ind2=' ' tag='040'><subfield code='a'>MiU</subfield><subfield code='c'>MiU</subfield></datafield><datafield ind1=' ' ind2=' ' tag='052'><subfield code='a'>7001</subfield></datafield><datafield ind1=' ' ind2=' ' tag='074'><subfield code='a'>856-A-1</subfield></datafield><datafield ind1=' ' ind2=' ' tag='086'><subfield code='a'>PrEx 3.10/4:So 8/11</subfield></datafield><datafield ind1='1' ind2=' ' tag='100'><subfield code='a'>[United States.</subfield><subfield code='b'>Central Intelligence Agency]</subfield></datafield><datafield ind1='1' ind2='0' tag='245'><subfield code='a'>Soviet Union land use</subfield><subfield code='h'>[map].</subfield></datafield><datafield ind1=' ' ind2=' ' tag='255'><subfield code='a'>Scale ca. 1:35,000,000</subfield><subfield code='c'>(E 20⁰--E 180⁰/N 80⁰--N 35⁰).</subfield></datafield><datafield ind1=' ' ind2=' ' tag='260'><subfield code='a'>[Washington, D.C. :</subfield><subfield code='b'>Central Intelligence Agency,</subfield><subfield code='c'>1982]</subfield></datafield><datafield ind1=' ' ind2=' ' tag='300'><subfield code='a'>1 map :</subfield><subfield code='b'>col. ;</subfield><subfield code='c'>21 x 27 cm.</subfield></datafield><datafield ind1=' ' ind2=' ' tag='500'><subfield code='a'>Includes ill.</subfield></datafield><datafield ind1=' ' ind2=' ' tag='500'><subfield code='a'>&quot;505177 6-82.&quot;</subfield></datafield><datafield ind1=' ' ind2='0' tag='650'><subfield code='a'>Land use, Rural</subfield><subfield code='z'>Soviet Union</subfield><subfield code='x'>Maps.</subfield><subfield code='0'>(uri) http://id.loc.gov/authorities/subjects/sh85074350</subfield></datafield><datafield ind1=' ' ind2='0' tag='651'><subfield code='a'>Soviet Union</subfield><subfield code='v'>Maps.</subfield><subfield code='0'>(uri) http://id.loc.gov/authorities/subjects/sh2008117053</subfield></datafield><datafield ind1=' ' ind2=' ' tag='998'><subfield code='c'>JT</subfield><subfield code='s'>9114</subfield></datafield><datafield ind1=' ' ind2=' ' tag='958'><subfield code='a'>MiU</subfield></datafield><datafield ind1=' ' ind2=' ' tag='959'><subfield code='a'>(notis)ULAAJ0514</subfield></datafield><datafield ind1=' ' ind2=' ' tag='995'><subfield code='a'>20</subfield></datafield><datafield ind1=' ' ind2=' ' tag='BIB'><subfield code='u'>2021-07-17 09:12:32 US/Eastern</subfield><subfield code='c'>2021-06-21 16:54:15 US/Eastern</subfield><subfield code='s'>false</subfield></datafield><datafield ind1='0' ind2=' ' tag='852'><subfield code='b'>HATCH</subfield><subfield code='a'>MiU</subfield><subfield code='c'>CLFIL</subfield><subfield code='h'>G 7001 .G4 1982 .U5</subfield><subfield code='8'>22950427370006381</subfield></datafield><datafield ind1=' ' ind2=' ' tag='974'><subfield code='8'>22950427370006381</subfield><subfield code='f'>1</subfield><subfield code='c'>CLFIL</subfield><subfield code='m'>MAP</subfield><subfield code='a'>B24428</subfield><subfield code='e'>CLFIL</subfield><subfield code='7'>23950427360006381</subfield><subfield code='p'>08</subfield><subfield code='r'>1993-10-27 10:59:00</subfield><subfield code='h'>G 7001 .G4 1982 .U5</subfield><subfield code='d'>HATCH</subfield><subfield code='b'>HATCH</subfield></datafield></record>