
<record><leader>00000cam a2200481 i 4500</leader><controlfield tag='005'>20180822104211.0</controlfield><controlfield tag='008'>180525s2018    ko       b    000 0 kor  </controlfield><controlfield tag='001'>990161228550106381</controlfield><datafield ind1=' ' ind2=' ' tag='035'><subfield code='a'>(MiU)016122855MIU01</subfield></datafield><datafield ind1=' ' ind2=' ' tag='010'><subfield code='a'>2018392512</subfield></datafield><datafield ind1=' ' ind2=' ' tag='020'><subfield code='a'>9791162441114</subfield><subfield code='0'>(uri) http://www.isbnsearch.org/isbn/9791162441114</subfield></datafield><datafield ind1=' ' ind2=' ' tag='020'><subfield code='a'>9789791162449</subfield><subfield code='0'>(uri) http://www.isbnsearch.org/isbn/9789791162449</subfield></datafield><datafield ind1=' ' ind2=' ' tag='020'><subfield code='a'>9791162441</subfield><subfield code='0'>(uri) http://www.isbnsearch.org/isbn/9791162441</subfield></datafield><datafield ind1=' ' ind2=' ' tag='035'><subfield code='a'>(OCoLC)1042082100</subfield><subfield code='0'>(uri) http://www.worldcat.org/oclc/1042082100</subfield></datafield><datafield ind1=' ' ind2=' ' tag='035'><subfield code='a'>(OCoLC)on1042082100</subfield><subfield code='0'>(uri) http://www.worldcat.org/oclc/1042082100</subfield></datafield><datafield ind1=' ' ind2=' ' tag='040'><subfield code='a'>DLC</subfield><subfield code='b'>eng</subfield><subfield code='e'>rda</subfield><subfield code='c'>DLC</subfield><subfield code='d'>OCLCF</subfield></datafield><datafield ind1=' ' ind2=' ' tag='042'><subfield code='a'>pcc</subfield></datafield><datafield ind1=' ' ind2=' ' tag='043'><subfield code='a'>a-kr---</subfield></datafield><datafield ind1='0' ind2='0' tag='050'><subfield code='a'>PL991.613.S587</subfield><subfield code='b'>Z54 2018</subfield></datafield><datafield ind1=' ' ind2=' ' tag='099'><subfield code='a'>PL 991.613 .S587 Z5 A5 2018</subfield></datafield><datafield ind1='1' ind2=' ' tag='100'><subfield code='6'>880-01</subfield><subfield code='a'>An, Sang-wŏn,</subfield><subfield code='e'>author.</subfield><subfield code='0'>http://id.loc.gov/authorities/names/n2018036007</subfield><subfield code='0'>(uri) http://id.loc.gov/authorities/names/n2018036007</subfield><subfield code='0'>(uri) http://viaf.org/viaf/sourceID/LC|n2018036007</subfield></datafield><datafield ind1='1' ind2='0' tag='245'><subfield code='6'>880-02</subfield><subfield code='a'>Paek Sŏk si ŭi &apos;kiŏk&apos; kwa kuwŏn ŭi si ssŭgi /</subfield><subfield code='c'>An Sang-wŏn chiŭm.</subfield></datafield><datafield ind1=' ' ind2=' ' tag='250'><subfield code='6'>880-03</subfield><subfield code='a'>Ch&apos;op&apos;an.</subfield></datafield><datafield ind1=' ' ind2='1' tag='264'><subfield code='6'>880-04</subfield><subfield code='a'>Sŏul-si :</subfield><subfield code='b'>Yŏngnak,</subfield><subfield code='c'>2018.</subfield></datafield><datafield ind1=' ' ind2=' ' tag='300'><subfield code='a'>274 pages ;</subfield><subfield code='c'>24 cm.</subfield></datafield><datafield ind1=' ' ind2=' ' tag='336'><subfield code='a'>text</subfield><subfield code='2'>rdacontent</subfield></datafield><datafield ind1=' ' ind2=' ' tag='337'><subfield code='a'>unmediated</subfield><subfield code='2'>rdamedia</subfield></datafield><datafield ind1=' ' ind2=' ' tag='338'><subfield code='a'>volume</subfield><subfield code='2'>rdacarrier</subfield></datafield><datafield ind1='0' ind2=' ' tag='490'><subfield code='6'>880-05</subfield><subfield code='a'>Ihwa yŏn&apos;gu ch&apos;ongsŏ ;</subfield><subfield code='v'>26</subfield></datafield><datafield ind1=' ' ind2=' ' tag='504'><subfield code='a'>Includes bibliographical references (pages 267-274).</subfield></datafield><datafield ind1='1' ind2='0' tag='600'><subfield code='6'>880-06</subfield><subfield code='a'>Paek, Sŏk,</subfield><subfield code='d'>1912-</subfield><subfield code='x'>Criticism and interpretation.</subfield><subfield code='0'>(uri) http://id.loc.gov/authorities/names/n87874742</subfield><subfield code='0'>(uri) http://viaf.org/viaf/sourceID/LC|n87874742</subfield></datafield><datafield ind1='1' ind2='7' tag='600'><subfield code='a'>Paek, Sŏk,</subfield><subfield code='d'>1912-.</subfield><subfield code='2'>fast</subfield><subfield code='0'>http://id.worldcat.org/fast/fst00241803</subfield><subfield code='0'>(uri) http://id.worldcat.org/fast/fst00241803</subfield></datafield><datafield ind1=' ' ind2='0' tag='650'><subfield code='a'>Memory in literature.</subfield><subfield code='0'>(uri) http://id.worldcat.org/fast/fst01787079</subfield><subfield code='0'>(uri) http://id.loc.gov/authorities/subjects/sh85083503</subfield></datafield><datafield ind1=' ' ind2='7' tag='650'><subfield code='a'>Memory in literature.</subfield><subfield code='2'>fast</subfield><subfield code='0'>(OCoLC)fst01787079</subfield><subfield code='0'>(uri) http://id.worldcat.org/fast/fst01787079</subfield><subfield code='0'>(uri) http://id.loc.gov/authorities/subjects/sh85083503</subfield></datafield><datafield ind1=' ' ind2='7' tag='655'><subfield code='a'>Criticism, interpretation, etc.</subfield><subfield code='2'>fast</subfield><subfield code='0'>(OCoLC)fst01411635</subfield><subfield code='0'>(uri) http://id.worldcat.org/fast/fst01411635</subfield></datafield><datafield ind1='1' ind2=' ' tag='880'><subfield code='6'>100-01/</subfield><subfield code='a'>안 상원,</subfield><subfield code='e'>author.</subfield><subfield code='0'>http://id.loc.gov/authorities/names/n2018036007</subfield></datafield><datafield ind1='1' ind2='0' tag='880'><subfield code='6'>245-02/</subfield><subfield code='a'>백 석 시 의 &apos;기억&apos; 과 구원 의 시 쓰기 /</subfield><subfield code='c'>안 상원 지음.</subfield></datafield><datafield ind1=' ' ind2=' ' tag='880'><subfield code='6'>250-03/</subfield><subfield code='a'>초판.</subfield></datafield><datafield ind1=' ' ind2='1' tag='880'><subfield code='6'>264-04/</subfield><subfield code='a'>서울시 :</subfield><subfield code='b'>역락,</subfield><subfield code='c'>2018.</subfield></datafield><datafield ind1='0' ind2=' ' tag='880'><subfield code='6'>490-05/</subfield><subfield code='a'>이화 연구 총서 ;</subfield><subfield code='v'>26</subfield></datafield><datafield ind1='1' ind2='4' tag='880'><subfield code='6'>600-06/</subfield><subfield code='a'>백 석,</subfield><subfield code='d'>1912-</subfield><subfield code='x'>Criticism and interpretation.</subfield></datafield><datafield ind1=' ' ind2=' ' tag='997'><subfield code='a'>MARS</subfield></datafield><datafield ind1=' ' ind2=' ' tag='998'><subfield code='c'>shybaek-asia CopyCat20180822</subfield></datafield><datafield ind1=' ' ind2=' ' tag='958'><subfield code='a'>MiU</subfield></datafield><datafield ind1=' ' ind2=' ' tag='995'><subfield code='a'>20</subfield></datafield><datafield ind1=' ' ind2=' ' tag='BIB'><subfield code='u'>2021-07-17 09:37:48 US/Eastern</subfield><subfield code='c'>2021-06-21 16:54:16 US/Eastern</subfield><subfield code='s'>false</subfield></datafield><datafield ind1='0' ind2=' ' tag='852'><subfield code='b'>HATCH</subfield><subfield code='a'>MiU</subfield><subfield code='c'>ASIA</subfield><subfield code='h'>PL 991.613 .S587 Z5 A5 2018</subfield><subfield code='8'>22950426570006381</subfield></datafield><datafield ind1=' ' ind2=' ' tag='974'><subfield code='8'>22950426570006381</subfield><subfield code='f'>1</subfield><subfield code='c'>ASIA</subfield><subfield code='m'>BOOK</subfield><subfield code='a'>39015100843724</subfield><subfield code='e'>ASIA</subfield><subfield code='7'>23950426560006381</subfield><subfield code='p'>01</subfield><subfield code='r'>2018-04-16 10:59:00</subfield><subfield code='h'>PL 991.613 .S587 Z5 A5 2018</subfield><subfield code='d'>HATCH</subfield><subfield code='b'>HATCH</subfield></datafield></record>
</collection>